%% This BibTeX bibliography file was created using BibDesk.
%% http://bibdesk.sourceforge.net/

%% Created for Si Kai Lee at 2016-12-12 5:49:14 pm -0500 


%% Saved with string encoding Unicode (UTF-8) 



@article{kawaguchi2016deep,
	Author = {Kawaguchi, Kenji},
	Date-Modified = {2016-12-12 10:48:35 pm +0000},
	Journal = {arXiv preprint arXiv:1605.07110},
	Title = {{D}eep {L}earning without {P}oor {L}ocal {M}inima},
	Year = {2016}}

@article{ge2016matrix,
	Author = {Ge, Rong and Lee, Jason D and Ma, Tengyu},
	Date-Modified = {2016-12-12 10:49:13 pm +0000},
	Journal = {arXiv preprint arXiv:1605.07272},
	Title = {{M}atrix {C}ompletion has {N}o {S}purious {L}ocal {M}inimum},
	Year = {2016}}

@article{hardt2016identity,
	Author = {Hardt, Moritz and Ma, Tengyu},
	Date-Modified = {2016-12-12 10:48:54 pm +0000},
	Journal = {arXiv preprint arXiv:1611.04231},
	Title = {{I}dentity {M}atters in {D}eep {L}earning},
	Year = {2016}}
